<?xml version="1.0" encoding="UTF-8"?><collection xmlns="http://www.loc.gov/MARC21/slim"><record><leader>00568nam--2200145-i-4500</leader><controlfield tag="001">000012644</controlfield><controlfield tag="002">20161230</controlfield><controlfield tag="005">20161230201029</controlfield><controlfield tag="008">060222s1000------------r-----000-0-eng-d</controlfield><datafield ind1=" " ind2=" " tag="080"><subfield code="a">620.179.15(061.3)</subfield></datafield><datafield ind1=" " ind2=" " tag="245"><subfield code="a">Practical applications of neutron radiography and gaging. a symposium sponsored by the nbs a nd astm committee e-7 on nondestructive testin g astm gaithersburg md.10-11 feb., 1975</subfield></datafield><datafield ind1=" " ind2=" " tag="260"><subfield code="a">Philadelphia, American Society For Testing And Materials, 1976 319 P</subfield></datafield><datafield ind1=" " ind2=" " tag="490"><subfield code="a">Astm Special Technical Publication</subfield></datafield><datafield ind1=" " ind2=" " tag="700"><subfield code="a">Berger, Harold</subfield></datafield><datafield ind1=" " ind2=" " tag="852"><subfield code="a">19807</subfield></datafield></record></collection>